<record><leader>00000cas a2200000 a 4500</leader><controlfield tag="001">14217372</controlfield><controlfield tag="008">860915d19081991kyuwr ne      0    0eng d</controlfield><datafield ind1=" " ind2=" " tag="010"><subfield code="a">sn 86069515 </subfield></datafield><datafield ind1=" " ind2=" " tag="040"><subfield code="a">KNP</subfield><subfield code="b">eng</subfield><subfield code="c">KNP</subfield><subfield code="d">DLC</subfield><subfield code="d">KNP</subfield><subfield code="d">OCL</subfield><subfield code="d">OCLCQ</subfield><subfield code="d">KYUBL</subfield><subfield code="d">OCLCQ</subfield><subfield code="d">OCLCF</subfield><subfield code="d">OCLCO</subfield></datafield><datafield ind1="1" ind2=" " tag="029"><subfield code="a">AU@</subfield><subfield code="b">000020427671</subfield></datafield><datafield ind1=" " ind2=" " tag="042"><subfield code="a">msc</subfield></datafield><datafield ind1=" " ind2=" " tag="043"><subfield code="a">n-us-ky</subfield></datafield><datafield ind1="0" ind2="4" tag="245"><subfield code="a">The Whitley Republican.</subfield></datafield><datafield ind1=" " ind2=" " tag="260"><subfield code="a">Williamsburg, Ky. :</subfield><subfield code="b">Whitley Republican Co.</subfield></datafield><datafield ind1=" " ind2=" " tag="300"><subfield code="a">v.</subfield></datafield><datafield ind1=" " ind2=" " tag="310"><subfield code="a">Weekly</subfield></datafield><datafield ind1="1" ind2=" " tag="362"><subfield code="a">Began in 1908.</subfield></datafield><datafield ind1="0" ind2=" " tag="362"><subfield code="a">-v. 84, no. 8 (Feb. 20, 1991).</subfield></datafield><datafield ind1=" " ind2=" " tag="500"><subfield code="a">"A little while ago we used separate front pages for Corbin and Williamsburg."--P. 4, Aug. 6, 1987.</subfield></datafield><datafield ind1=" " ind2=" " tag="500"><subfield code="a">Beginning Nov. 4, 1987 section B combined with Corbin! this week.</subfield></datafield><datafield ind1=" " ind2=" " tag="588"><subfield code="a">Description based on: Vol. 26, no. 3 (May 17, 1934).</subfield></datafield><datafield ind1=" " ind2="0" tag="651"><subfield code="a">Williamsburg (Ky.)</subfield><subfield code="v">Newspapers.</subfield></datafield><datafield ind1=" " ind2="0" tag="651"><subfield code="a">Whitley County (Ky.)</subfield><subfield code="v">Newspapers.</subfield></datafield><datafield ind1=" " ind2="7" tag="655"><subfield code="a">Newspapers.</subfield><subfield code="2">fast</subfield><subfield code="0">(OCoLC)fst01423814</subfield></datafield><datafield ind1=" " ind2="7" tag="651"><subfield code="a">Kentucky</subfield><subfield code="z">Whitley County.</subfield><subfield code="2">fast</subfield><subfield code="0">(OCoLC)fst01222189</subfield></datafield><datafield ind1=" " ind2="7" tag="651"><subfield code="a">Kentucky</subfield><subfield code="z">Williamsburg.</subfield><subfield code="2">fast</subfield><subfield code="0">(OCoLC)fst01226858</subfield></datafield><datafield ind1=" " ind2=" " tag="752"><subfield code="a">United States</subfield><subfield code="b">Kentucky</subfield><subfield code="c">Whitley</subfield><subfield code="d">Williamsburg.</subfield></datafield><datafield ind1="1" ind2=" " tag="775"><subfield code="t">Corbin! this week</subfield><subfield code="w">(DLC)sn 88061196</subfield><subfield code="w">(OCoLC)18353572</subfield></datafield><datafield ind1="0" ind2="0" tag="785"><subfield code="t">News journal (Williamsburg, Ky. : Whitley Republican ed.)</subfield><subfield code="w">(DLC)sn 91074109</subfield><subfield code="w">(OCoLC)24841952</subfield></datafield></record>